@book {Williams91,
    AUTHOR = {Williams, David},
     TITLE = {Probability with martingales},
    SERIES = {Cambridge Mathematical Textbooks},
 PUBLISHER = {Cambridge University Press, Cambridge},
      YEAR = {1991},
     PAGES = {xvi+251},
      ISBN = {0-521-40455-X; 0-521-40605-6},
   MRCLASS = {60-01 (60G42)},
  MRNUMBER = {1155402},
MRREVIEWER = {Jia Gang Wang},
       DOI = {10.1017/CBO9780511813658},
       URL = {https://doi.org/10.1017/CBO9780511813658},
}

@article {Grunwald03,
    AUTHOR = {Grünwald, Peter D. and Halpern, Joseph Y.},
     TITLE = {Updating probabilities},
   JOURNAL = {J. Artificial Intelligence Res.},
  FJOURNAL = {Journal of Artificial Intelligence Research},
    VOLUME = {19},
      YEAR = {2003},
     PAGES = {243--278},
      ISSN = {1076-9757},
   MRCLASS = {68T37 (03B48 62E10)},
  MRNUMBER = {2115626},
}

@incollection {Grunwald13,
    AUTHOR = {Grünwald, Peter},
     TITLE = {Safe probability: restricted conditioning and extended
              marginalization},
 BOOKTITLE = {Symbolic and quantitative approaches to reasoning with
              uncertainty},
    SERIES = {Lecture Notes in Comput. Sci.},
    VOLUME = {7958},
     PAGES = {242--253},
 PUBLISHER = {Springer, Heidelberg},
      YEAR = {2013},
   MRCLASS = {Expansion},
  MRNUMBER = {3108509},
       DOI = {10.1007/978-3-642-39091-3_21},
       URL = {https://doi.org/10.1007/978-3-642-39091-3_21},
}

@article {Gyenis17,
    AUTHOR = {Gyenis, Z. and Hofer-Szab\'{o}, G. and R\'{e}dei, M.},
     TITLE = {Conditioning using conditional expectations: the
              {B}orel-{K}olmogorov paradox},
   JOURNAL = {Synthese},
  FJOURNAL = {Synthese. An International Journal for Epistemology,
              Methodology and Philosophy of Science},
    VOLUME = {194},
      YEAR = {2017},
    NUMBER = {7},
     PAGES = {2595--2630},
      ISSN = {0039-7857},
   MRCLASS = {60A10},
  MRNUMBER = {3690744},
       DOI = {10.1007/s11229-016-1070-8},
       URL = {https://doi.org/10.1007/s11229-016-1070-8},
      NOTE = {Corrections are given in appendix~\ref{app:CorLong}}
}

@Misc{Kolmogorov33,
    Author = {A. {Kolmogoroff}},
    Title = {Grundbegriffe der Wahrscheinlichkeitsrechnung.},
    Year = {1933},
    Language = {German},
    HowPublished = {{Ergebnisse der Math. und ihrer Grenzgebiete. 2, No. 3. Berlin: Julius Springer. iv, 62 pp. (1933)}},
    MSC2010 = {60-02},
    Zbl = {0007.21601}
}

@Misc{Borel09,
    Author = {\'E. {Borel}},
    Title = {\'El\'ements de la th\'eorie des probabilit\'es.},
    Year = {1909},
    Language = {French},
    HowPublished = {{Paris: A. Hermann. VI u. 200 S. $8^\circ$ (1909).}},
    Zbl = {40.0296.10}
}

@misc{Weisstein,
    author   = {Weisstein, Eric W.},
    title    = {Sphere Point Picking.},
    year = {2018},
    note     = {Visited on 19-12-18},
    howpublished = {From MathWorld -- A Wolfram Web Resource. \url{http://mathworld.wolfram.com/SpherePointPicking.html}}
}

@book {Kraitchik53,
    AUTHOR = {Kraitchik, Maurice},
     TITLE = {Mathematical recreations},
      NOTE = {2d ed},
 PUBLISHER = {Dover Publications, Inc., New York, N. Y.},
      YEAR = {1953},
     PAGES = {330},
   MRCLASS = {10.0X},
  MRNUMBER = {0052446},
}

@article {Nalebuff89,
    AUTHOR = {Nalebuff, Barry},
     TITLE = {The Other Person's Envelope is Always Greener},
   JOURNAL = {J. of Economic Perspectives},
  FJOURNAL = {Journal of Economic Perspectives},
    VOLUME = {3},
      YEAR = {1989},
     PAGES = {171--181},
}

@article {Schwitzgebel08,
    AUTHOR = {Schwitzgebel, Eric and Dever, Josh},
     TITLE = {The two envelope paradox and using variables within the
              expectation formula},
   JOURNAL = {Sorites},
  FJOURNAL = {Sorites. A Digital Journal of Analytical Philosophy},
    VOLUME = {20},
      YEAR = {2008},
     PAGES = {135--140},
      ISSN = {1135-1349},
   MRCLASS = {91B06 (03B48)},
  MRNUMBER = {2401498},
}

@book {Feller50,
    AUTHOR = {Feller, William},
     TITLE = {An {I}ntroduction to {P}robability {T}heory and {I}ts
              {A}pplications. {V}ol. {I}},
 PUBLISHER = {John Wiley \& Sons, Inc., New York, N.Y.},
      YEAR = {1950},
     PAGES = {xii+419},
   MRCLASS = {60.0X},
  MRNUMBER = {0038583},
MRREVIEWER = {R. Fortet},
}

@book {Feller71,
    AUTHOR = {Feller, William},
     TITLE = {An introduction to probability theory and its applications. {V}ol. {II} },
    SERIES = {Second edition},
 PUBLISHER = {John Wiley \& Sons, Inc., New York-London-Sydney},
      YEAR = {1971},
     PAGES = {xxiv+669},
   MRCLASS = {60.00},
  MRNUMBER = {0270403},
}

@article {Peters11,
    AUTHOR = {Peters, Ole},
     TITLE = {The time resolution of the {S}t {P}etersburg paradox},
   JOURNAL = {Philos. Trans. R. Soc. Lond. Ser. A Math. Phys. Eng. Sci.},
  FJOURNAL = {Philosophical Transactions of the Royal Society of London.
              Series A. Mathematical, Physical and Engineering Sciences},
    VOLUME = {369},
      YEAR = {2011},
    NUMBER = {1956},
     PAGES = {4913--4931},
      ISSN = {1364-503X},
   MRCLASS = {91B06 (91A60 91B16)},
  MRNUMBER = {2853282},
       DOI = {10.1098/rsta.2011.0065},
       URL = {https://doi.org/10.1098/rsta.2011.0065},
}

@article{Brien14,
    author = {O’Brien, S. B. G. and Mitchell, S. L.},
    title = {{The two envelope problem: there is no conundrum}},
    journal = {Teaching Mathematics and its Applications: An International Journal of the IMA},
    volume = {33},
    number = {4},
    pages = {249-262},
    year = {2014},
    month = {07},
    issn = {0268-3679},
    doi = {10.1093/teamat/hru019},
    url = {https://dx.doi.org/10.1093/teamat/hru019},
    eprint = {http://oup.prod.sis.lan/teamat/article-pdf/33/4/249/9138642/hru019.pdf},
}

@misc{Tzur18,
  title={Decision Making Under Uncertainty and the Two-Envelope Paradox},
  author={Tzur, Joseph and Jacobi, Arie},
  year={2018},
  month={March},
  day={15},
  howpublished={Available at SSRN: \url{https://ssrn.com/abstract=3141049} or \url{http://dx.doi.org/10.2139/ssrn.3141049}}
}

@article{Navara17,
  title={The Role of Information in the Two Envelope Problem},
  author={Navara, Mirko and {\v{S}}indel{\'a}r, Jir{\'\i}},
  journal={ITAT},
  pages={112--119},
  year={2017}
}

@article{Broome95,
 ISSN = {00032638, 14678284},
 URL = {http://www.jstor.org/stable/3328613},
 author = {John Broome},
 journal = {Analysis},
 number = {1},
 pages = {6--11},
 publisher = {[Analysis Committee, Oxford University Press]},
 title = {The Two-Envelope Paradox},
 volume = {55},
 year = {1995}
}

@article {Christensen92,
    AUTHOR = {Christensen, Ronald and Utts, Jessica},
     TITLE = {Bayesian resolution of the ``exchange paradox''},
   JOURNAL = {Amer. Statist.},
  FJOURNAL = {The American Statistician},
    VOLUME = {46},
      YEAR = {1992},
    NUMBER = {4},
     PAGES = {274--276},
      ISSN = {0003-1305},
   MRCLASS = {62F15},
  MRNUMBER = {1186903},
       DOI = {10.2307/2685310},
       URL = {https://doi-org.ezproxy.leidenuniv.nl:2443/10.2307/2685310},
}

@article{Christensen93a,
 ISSN = {00031305},
 URL = {http://www.jstor.org/stable/2685205},
 author = {David A. Binder and Ronald Christensen and Jessica Utts},
 journal = {The American Statistician},
 number = {2},
 pages = {160},
 publisher = {[American Statistical Association, Taylor & Francis, Ltd.]},
 title = {Comment and reply to {C}hristensen and {U}tts (1992)},
 volume = {47},
 year = {1993}
}

@article{Christensen93b,
 ISSN = {00031305},
 URL = {http://www.jstor.org/stable/2685299},
 author = {Terry Ridgway and Ronald Christensen and Jessica Utts},
 journal = {The American Statistician},
 number = {4},
 pages = {311},
 publisher = {[American Statistical Association, Taylor & Francis, Ltd.]},
 title = {Comment and reply to {C}hristensen and {U}tts (1992)},
 volume = {47},
 year = {1993}
}

@article{Christensen94,
 ISSN = {00031305},
 URL = {http://www.jstor.org/stable/2684734},
 author = {Sheldon M. Ross and Ronald Christensen and Jessica Utts},
 journal = {The American Statistician},
 number = {3},
 pages = {267--268},
 publisher = {[American Statistical Association, Taylor & Francis, Ltd.]},
 title = {Comment and reply to {C}hristensen and {U}tts (1992)},
 volume = {48},
 year = {1994}
}

@article{Brams95,
 ISSN = {0025570X, 19300980},
 URL = {http://www.jstor.org/stable/2691373},
 author = {Steven J. Brams and D. Marc Kilgour},
 journal = {Mathematics Magazine},
 number = {1},
 pages = {27--34},
 publisher = {Mathematical Association of America},
 title = {The Box Problem: To Switch or Not to Switch},
 volume = {68},
 year = {1995}
}

@article{Linzer94,
 ISSN = {00029890, 19300972},
 URL = {http://www.jstor.org/stable/2974901},
 author = {Elliot Linzer},
 journal = {The American Mathematical Monthly},
 number = {5},
 pages = {417--419},
 publisher = {Mathematical Association of America},
 title = {The Two Envelope Paradox},
 volume = {101},
 year = {1994}
}


@article{Christensen96,
 ISSN = {00031305},
 URL = {http://www.jstor.org/stable/2685055},
 author = {Nelson M. Blachman and Ronald Christensen and Jessica M. Utts},
 journal = {The American Statistician},
 number = {1},
 pages = {98--99},
 publisher = {[American Statistical Association, Taylor & Francis, Ltd.]},
 title = {Comment and reply to {C}hristensen and {U}tts (1992)},
 volume = {50},
 year = {1996}
}

@article {McDonnell09,
    AUTHOR = {McDonnell, Mark D. and Abbott, Derek},
     TITLE = {Randomized switching in the two-envelope problem},
   JOURNAL = {Proc. R. Soc. Lond. Ser. A Math. Phys. Eng. Sci.},
  FJOURNAL = {Proceedings of The Royal Society of London. Series A.
              Mathematical, Physical and Engineering Sciences},
    VOLUME = {465},
      YEAR = {2009},
    NUMBER = {2111},
     PAGES = {3309--3322},
      ISSN = {1364-5021},
   MRCLASS = {91B06 (60G40)},
  MRNUMBER = {2545297},
       DOI = {10.1098/rspa.2009.0312},
       URL = {https://doi-org.ezproxy.leidenuniv.nl:2443/10.1098/rspa.2009.0312},
}

@article {Abbott10,
    AUTHOR = {Abbott, Derek and Davis, Bruce R. and Parrondo, Juan M. R.},
     TITLE = {The two-envelope problem revisited},
   JOURNAL = {Fluct. Noise Lett.},
  FJOURNAL = {Fluctuation and Noise Letters (FNL). An Interdisciplinary
              Scientific Journal on Random Processes in Physical, Biological
              and Technological Systems},
    VOLUME = {9},
      YEAR = {2010},
    NUMBER = {1},
     PAGES = {1--8},
      ISSN = {0219-4775},
   MRCLASS = {91B06},
  MRNUMBER = {2654322},
       DOI = {10.1142/S0219477510000022},
       URL = {https://doi-org.ezproxy.leidenuniv.nl:2443/10.1142/S0219477510000022},
}

@article {McDonnell11,
    AUTHOR = {McDonnell, Mark D. and Grant, Alex J. and Land, Ingmar and Vellambi, Badri N. and Abbott, Derek and Lever, Ken},
     TITLE = {Gain from the two-envelope problem via information asymmetry: on the suboptimality of randomized switching},
   JOURNAL = {Proc. R. Soc. Lond. Ser. A Math. Phys. Eng. Sci.},
  FJOURNAL = {Proceedings of The Royal Society of London. Series A. Mathematical, Physical and Engineering Sciences},
    VOLUME = {467},
      YEAR = {2011},
    NUMBER = {2134},
     PAGES = {2825--2851},
      ISSN = {1364-5021},
   MRCLASS = {91B06 (60E05 62C10)},
  MRNUMBER = {2835598},
MRREVIEWER = {Ludger R\"{u}schendorf},
       DOI = {10.1098/rspa.2010.0541},
       URL = {https://doi-org.ezproxy.leidenuniv.nl:2443/10.1098/rspa.2010.0541},
}

@article{Egozcue15,
author = {Egozcue, Martin and Fuentes García, Luis},
doi = {10.1239/jap/1429282624},
fjournal = {Journal of Applied Probability},
journal = {J. Appl. Probab.},
month = {03},
number = {1},
pages = {298--304},
publisher = {Applied Probability Trust},
title = {An optimal threshold strategy in the two-envelope problem with partial information},
url = {https://doi.org/10.1239/jap/1429282624},
volume = {52},
year = {2015}
}

@Article{Albers05,
author= {Albers, Casper J. and Kooi, Barteld P. and Schaafsma, Willem},
title= {Trying to Resolve the Two-Envelope Problem},
journal= {Synthese},
year= {2005},
month= {May},
day= {01},
volume= {145},
number= {1},
pages= {89--109},
issn= {1573-0964},
doi= {10.1007/s11229-004-7665-5},
url= {https://doi.org/10.1007/s11229-004-7665-5}
}

@article{Nickerson06,
author = { Raymond S.   Nickerson  and  Ruma   Falk },
title = {The exchange paradox: Probabilistic and cognitive analysis of a psychological conundrum},
journal = {Thinking \& Reasoning},
volume = {12},
number = {2},
pages = {181-213},
year  = {2006},
publisher = {Routledge},
doi = {10.1080/13576500500200049},
}

@misc{Grunwald16,
Author = {Peter Grünwald},
Title = {Safe Probability},
Year = {2016},
Eprint = {arXiv:1604.01785},
HowPublished = {ArXiv},
Note = {ArXiv version of \cite{Grunwald18}, containing proofs and an example using Monty Hall's problem.}
}

@article{Grunwald18,
title = {Safe probability},
journal = {Journal of Statistical Planning and Inference},
volume = {195},
pages = {47 - 63},
year = {2018},
note = {Confidence distributions},
issn = {0378-3758},
doi = {https://doi.org/10.1016/j.jspi.2017.09.014},
url = {http://www.sciencedirect.com/science/article/pii/S0378375817301714},
author = {Peter Grünwald}
}

@misc{Grunwald19,
  author = {Peter Grünwald},
  year = {2018},
  month = {October},
  day = {5},
  date = {2018-10-05},
  howpublished = {Private communication},
  Note = {Provided me his second version of the boy or girl problem.}
}

@misc{WikiEnvelope,
  author = {{Wikipedia contributors}},
  title = {Two envelopes problem --- {Wikipedia}{,} The Free Encyclopedia},
  year = {2019},
  howpublished = {\url{https://en.wikipedia.org/w/index.php?title=Two_envelopes_problem&oldid=899098671}},
  note = {Visited on 24-06-19}
}